<record xmlns="http://www.openarchives.org/OAI/2.0/" xmlns:xsi="http://www.w3.org/2001/XMLSchema-instance">
  <header>
    <identifier>oai:atlantis.cern.ch:40</identifier>
    <datestamp>2014-04-14T09:10:59Z</datestamp>
    <setSpec>Eudat</setSpec>
  </header>
  <metadata>
    <marc:record xmlns:marc="http://www.loc.gov/MARC21/slim" xmlns:xsi="http://www.w3.org/2001/XMLSchema-instance" xsi:schemaLocation="http://www.loc.gov/MARC21/slim http://www.loc.gov/standards/marcxml/schema/MARC21slim.xsd" type="Bibliographic">
      <marc:leader>00000coc  2200000uu 4500</marc:leader>
      <marc:controlfield tag="001">40</marc:controlfield>
      <marc:controlfield tag="005">20140414121059.0</marc:controlfield>
      <marc:datafield tag="024" ind1=" " ind2=" ">
        <marc:subfield code="a">URN:NBN:fi-fe201207066177</marc:subfield>
      </marc:datafield>
      <marc:datafield tag="024" ind1="7" ind2=" ">
        <marc:subfield code="2">checksum</marc:subfield>
        <marc:subfield code="a">07830a9f6e3582848c34c00e9bd70e16f2b567123c1e5efc53931be9b0cf0106</marc:subfield>
      </marc:datafield>
      <marc:datafield tag="024" ind1="7" ind2=" ">
        <marc:subfield code="2">PID</marc:subfield>
        <marc:subfield code="a">http://hdl.handle.net/11304/34101dd6-b988-11e3-8cd7-14feb57d12b9</marc:subfield>
      </marc:datafield>
      <marc:datafield tag="100" ind1=" " ind2=" ">
        <marc:subfield code="a">atm-data@helsinki.fi Junninen, H ; Lauri, A ; Keronen, P ; Aalto, P ; Hiltunen, V ; Hari, P ; Kulmala, M.</marc:subfield>
      </marc:datafield>
      <marc:datafield tag="245" ind1=" " ind2=" ">
        <marc:subfield code="a">SMEAR Hyyti&#195;&#164;l&#195;&#164; measurements as JSON</marc:subfield>
      </marc:datafield>
      <marc:datafield tag="250" ind1=" " ind2=" ">
        <marc:subfield code="a">1</marc:subfield>
      </marc:datafield>
      <marc:datafield tag="260" ind1=" " ind2=" ">
        <marc:subfield code="b">Department of Physics, University of Helsinki, PL64 00014, University of Helsinki</marc:subfield>
      </marc:datafield>
      <marc:datafield tag="264" ind1=" " ind2=" ">
        <marc:subfield code="b">SimpleStore</marc:subfield>
        <marc:subfield code="c">2014-01-30 13:07:58.887974 UTC</marc:subfield>
      </marc:datafield>
      <marc:datafield tag="520" ind1=" " ind2=" ">
        <marc:subfield code="a">http://www.atm.helsinki.fi/SMEAR/
Station for Measuring Ecosystem-Atmosphere Relations.
https://wiki.helsinki.fi/display/SMEAR/Measurements
Continuous measurements:
Aerosols
Meteorology and gases
Forest-atmosphere fluxes
Soil and catchment areas
Trees
Lake
Smart-SMEAR: on-line data exploration and visualization tool for SMEAR stations. BOREAL ENVIRONMENT RESEARCH (BER) Vol 14, Issue 4, pp.447-457
http://avaa.tdata.fi/web/smart/smear</marc:subfield>
      </marc:datafield>
      <marc:datafield tag="540" ind1=" " ind2=" ">
        <marc:subfield code="a">CC BY-SA 4</marc:subfield>
      </marc:datafield>
      <marc:datafield tag="542" ind1=" " ind2=" ">
        <marc:subfield code="l">open</marc:subfield>
      </marc:datafield>
      <marc:datafield tag="546" ind1=" " ind2=" ">
        <marc:subfield code="a">en</marc:subfield>
      </marc:datafield>
      <marc:datafield tag="653" ind1="1" ind2=" ">
        <marc:subfield code="a">Carbon monoxide concentration ; Sulphur dioxide concentration ; Ozone concentration ; Nitrogen monoxide concentration ; Nitrogen oxides concentration ; Temperature ; Infrared radiation of the sky ; Photosynthetically active radiation ; Global radiation ; Sea level pressure ; rainfall including melted snow ; Wind direction ; Wind speed ; Air temperature ; Dew point ; Relative humidity ; Pressure ;</marc:subfield>
      </marc:datafield>
      <marc:datafield tag="700" ind1=" " ind2=" ">
        <marc:subfield code="a">Junninen, H</marc:subfield>
      </marc:datafield>
      <marc:datafield tag="700" ind1=" " ind2=" ">
        <marc:subfield code="a">Lauri, A</marc:subfield>
      </marc:datafield>
      <marc:datafield tag="700" ind1=" " ind2=" ">
        <marc:subfield code="a">Keronen, P</marc:subfield>
      </marc:datafield>
      <marc:datafield tag="700" ind1=" " ind2=" ">
        <marc:subfield code="a">Aalto, P</marc:subfield>
      </marc:datafield>
      <marc:datafield tag="700" ind1=" " ind2=" ">
        <marc:subfield code="a">Hiltunen, V</marc:subfield>
      </marc:datafield>
      <marc:datafield tag="700" ind1=" " ind2=" ">
        <marc:subfield code="a">Hari, P</marc:subfield>
      </marc:datafield>
      <marc:datafield tag="700" ind1=" " ind2=" ">
        <marc:subfield code="a">Kulmala M.</marc:subfield>
      </marc:datafield>
      <marc:datafield tag="856" ind1="0" ind2=" ">
        <marc:subfield code="f">pj@csc.fi</marc:subfield>
      </marc:datafield>
      <marc:datafield tag="856" ind1="4" ind2=" ">
        <marc:subfield code="s">862611368</marc:subfield>
        <marc:subfield code="u">https://b2share.eudat.eu/record/40/files/53c47de4-89ad-11e3-9a86-005056943408.xz?version=1</marc:subfield>
      </marc:datafield>
      <marc:datafield tag="909" ind1="C" ind2="O">
        <marc:subfield code="o">oai:atlantis.cern.ch:40</marc:subfield>
        <marc:subfield code="p">GLOBAL_SET</marc:subfield>
        <marc:subfield code="p">Eudat</marc:subfield>
      </marc:datafield>
      <marc:datafield tag="980" ind1=" " ind2=" ">
        <marc:subfield code="a">generic</marc:subfield>
      </marc:datafield>
      <marc:datafield tag="980" ind1=" " ind2=" ">
        <marc:subfield code="a">JSON xz-compressed: 16GB without compression</marc:subfield>
      </marc:datafield>
    </marc:record>
  </metadata>
</record>
